<record><leader>00000cas a22000007a 4500</leader><controlfield tag="001">34945395</controlfield><controlfield tag="008">960618d19941995maudn n       0    0eng d</controlfield><datafield ind1=" " ind2=" " tag="010"><subfield code="a">sn 96076003 </subfield></datafield><datafield ind1=" " ind2=" " tag="040"><subfield code="a">MGN</subfield><subfield code="b">eng</subfield><subfield code="c">MGN</subfield><subfield code="d">OCL</subfield><subfield code="d">OCLCQ</subfield></datafield><datafield ind1=" " ind2=" " tag="042"><subfield code="a">msc</subfield></datafield><datafield ind1="0" ind2="0" tag="245"><subfield code="a">Marlborough &amp; Hudson enterprise sun.</subfield></datafield><datafield ind1="1" ind2="0" tag="246"><subfield code="a">Marlborough and Hudson enterprise sun</subfield></datafield><datafield ind1="1" ind2="7" tag="246"><subfield code="a">Enterprise sun</subfield></datafield><datafield ind1=" " ind2=" " tag="260"><subfield code="a">Acton [Mass.] :</subfield><subfield code="b">Beacon Community Newspapers</subfield></datafield><datafield ind1=" " ind2=" " tag="300"><subfield code="a">v.</subfield></datafield><datafield ind1=" " ind2=" " tag="310"><subfield code="a">Daily (except Sun. and holidays)</subfield></datafield><datafield ind1="0" ind2=" " tag="362"><subfield code="a">Vol. 104, no. 130 (Feb. 7, 1994)-v. 106, no. 5 (Sept. 9, 1995).</subfield></datafield><datafield ind1=" " ind2=" " tag="500"><subfield code="a">Published at Concord, Mass., Sept. 26, 1994-Sept. 9, 1995.</subfield></datafield><datafield ind1=" " ind2=" " tag="752"><subfield code="a">United States</subfield><subfield code="b">Massachusetts</subfield><subfield code="c">Middlesex</subfield><subfield code="d">Concord.</subfield></datafield><datafield ind1=" " ind2=" " tag="752"><subfield code="a">United States</subfield><subfield code="b">Massachusetts</subfield><subfield code="c">Middlesex</subfield><subfield code="d">Acton.</subfield></datafield><datafield ind1=" " ind2=" " tag="752"><subfield code="a">United States</subfield><subfield code="b">Massachusetts</subfield><subfield code="c">Middlesex</subfield><subfield code="d">Marlborough.</subfield></datafield><datafield ind1=" " ind2=" " tag="752"><subfield code="a">United States</subfield><subfield code="b">Massachusetts</subfield><subfield code="c">Middlessex</subfield><subfield code="d">Hudson.</subfield></datafield><datafield ind1="0" ind2="0" tag="780"><subfield code="t">Marlboro Hudson enterprise sun</subfield><subfield code="w">(DLC)sn 94055574</subfield></datafield><datafield ind1="0" ind2="6" tag="785"><subfield code="t">Marlborough enterprise</subfield><subfield code="w">(DLC)sn 96076004</subfield></datafield><datafield ind1="0" ind2="6" tag="785"><subfield code="t">Sun (Framingham, Mass.)</subfield><subfield code="w">(DLC)sn 96076005</subfield></datafield><datafield ind1="1" ind2=" " tag="029"><subfield code="a">AU@</subfield><subfield code="b">000012570433</subfield></datafield></record>